<record><leader>00000cas a2200000 a 4500</leader><controlfield tag="001">31972919</controlfield><controlfield tag="008">950211d18uu188uiluwr ne      0   a0eng c</controlfield><datafield ind1=" " ind2=" " tag="010"><subfield code="a">sn 95067014 </subfield></datafield><datafield ind1=" " ind2=" " tag="040"><subfield code="a">NVF</subfield><subfield code="b">eng</subfield><subfield code="c">NVF</subfield><subfield code="d">CVF</subfield><subfield code="d">OCLCQ</subfield><subfield code="d">NVF</subfield><subfield code="d">OCLCO</subfield></datafield><datafield ind1="1" ind2=" " tag="029"><subfield code="a">AU@</subfield><subfield code="b">000011526882</subfield></datafield><datafield ind1=" " ind2=" " tag="042"><subfield code="a">pcc</subfield></datafield><datafield ind1=" " ind2=" " tag="043"><subfield code="a">n-us-il</subfield></datafield><datafield ind1="0" ind2=" " tag="130"><subfield code="a">National weekly (Chicago, Ill.)</subfield></datafield><datafield ind1="0" ind2="0" tag="245"><subfield code="a">National weekly.</subfield></datafield><datafield ind1="1" ind2="7" tag="246"><subfield code="a">National illustrated weekly</subfield></datafield><datafield ind1=" " ind2=" " tag="260"><subfield code="a">Chicago [Ill.] :</subfield><subfield code="b">C.H. Harris (Carl Pretzel)</subfield></datafield><datafield ind1=" " ind2=" " tag="300"><subfield code="a">v. :</subfield><subfield code="b">ill.</subfield></datafield><datafield ind1=" " ind2=" " tag="310"><subfield code="a">Weekly</subfield></datafield><datafield ind1=" " ind2=" " tag="500"><subfield code="a">Subtitle: An illustrated political journal.</subfield></datafield><datafield ind1=" " ind2=" " tag="588"><subfield code="a">Description based on: 7th year, no. 350 (Sept. 11, 1880).</subfield></datafield><datafield ind1=" " ind2=" " tag="588"><subfield code="a">Latest issue consulted: Dec. 12, 1885.</subfield></datafield><datafield ind1="1" ind2="0" tag="600"><subfield code="a">Pretzel, Carl,</subfield><subfield code="d">1841-1892.</subfield></datafield><datafield ind1=" " ind2="0" tag="650"><subfield code="a">Politics and culture</subfield><subfield code="z">United States</subfield><subfield code="v">Newspapers.</subfield></datafield><datafield ind1=" " ind2=" " tag="752"><subfield code="a">United States</subfield><subfield code="b">Illinois</subfield><subfield code="c">Cook</subfield><subfield code="d">Chicago.</subfield></datafield><datafield ind1="0" ind2="0" tag="780"><subfield code="t">Carl Pretzel's weekly</subfield><subfield code="w">(DLC)sn 95067012</subfield><subfield code="w">(OCoLC)31972916</subfield></datafield><datafield ind1="0" ind2="0" tag="785"><subfield code="t">Carl Pretzel's national weekly</subfield><subfield code="w">(DLC)sn 88084164</subfield><subfield code="w">(OCoLC)18405754</subfield></datafield></record>